
@techreport{D2.6,
	type = {Requirements},
	title = {Requirements for {openETCS}},
	copyright = {{CC-by-SA}},
	number = {D2.6},
	institution = {{openETCS}},
	author = {Baro, Sylvain and Welte, Jan},
	month = apr,
	year = {2013},
	keywords = {{OpenETCS}},
	pages = {1--23}
},

@techreport{D2.3,
	type = {Definition},
	title = {{openETCS} process},
	copyright = {{CC-by-SA}},
	number = {D2.3},
	institution = {{openETCS}},
	author = {Petit-Doche, Marielle and Güdemann, Matthias},
	month = feb,
	year = {2013},
	keywords = {{OpenETCS}},
	pages = {1--17}
},

@techreport{D2.2,
	type = {Requirements},
	title = {Report on {CENELEC} standards},
	copyright = {{CC-by-SA}},
	number = {D2.2},
	institution = {{openETCS}},
	author = {Pokam, Merlin and Schäfer, Norbert},
	month = apr,
	year = {2013},
	keywords = {{OpenETCS}},
	pages = {1--52}
}

@techreport{FPP,
	type = {Requirements},
	title ={{Project Outline Full Project Proposal Annex} {openETCS}
{\it {Open Proofs Methodology for the European Train Control System}}
 },

	number = {v2.2},
	institution = {{openETCS}},
	editor = {Klaus-Rüdiger Hase},
	year = {2011},
	keywords = {{OpenETCS}},
	pages = {1--98}
}

@techreport{D7.1,
	type = {Primary Toolchain},
	title = {D7.1: Report on the Final Choice of the Primary Toolchain},
	url = {https://github.com/openETCS/toolchain/blob/master/T7.1/D7.1/D7.1.pdf},
	abstract = {This document gives a description and the results of the first task of {WP7.} The
objectives of the task are to analyze and recommend, means, tools and platform to develop the
primary toolchain of Open {ETCS.}},
	number = {{OETCS/WP7/D7.1}},
	institution = {{openETCS}},
	author = {Petit-Doche, Marielle and {WP7} Participants},
	month = jul,
	year = {2013}
}


@techreport{D1.3.1,
	type = {Delivrable},
	title = {D1.3.1: Project Quality Assurance Plan},
	number = {D1.3.1},
	institution = {{ITEA2} {openETCS} consortium},
	author = {{Izakun de la Torre}},
	year = {2013}
}