
@techreport{unisig_subset-026_2012,
	type = {{SRS}},
	title = {{SUBSET-026} -- System Requirements Specification},
	number = {3.3.0},
	institution = {{ERA}},
	author = {{{UNISIG}}},
	month = mar,
	year = {2012},
	keywords = {Standard, {UNISIG}}
},

@book{standard_railway_2011,
	series = {{CENELEC} {EN} 50128},
	title = {Railway applications-Communication, signalling and processing system- Software for railway control and protecton system},
	publisher = {{DIN}},
	author = {Standard, European},
	month = oct,
	year = {2011},
	keywords = {{CENELEC}, Standard},
	file = {Attachment:/home/cecile/.mozilla/firefox/hzvu1rr0.default/zotero/storage/ICBNUW3M/European Standard - 2011 - En 50128.pdf:application/pdf}
}

@misc{SysML,
author = {{Object Management Group}},
howpublished = {\url{http://www.omgsysml.org}},
keywords = {D3.1,SysML},
mendeley-tags = {D3.1,SysML},
month = jun,
title = {{OMG Systems Modeling Language (OMG SysML\textsuperscript{TM})}},
url = {www.omgsysml.org},
year = {2012}
}
