

@techreport{WP7_O713_O717,
	type = {Results},
	title = {{E}valuation of the means and tools against the {WP2} requirements
},
	copyright = {{CC-by-SA}},
	url = {https://github.com/openETCS/toolchain/blob/master/T7.1/O7.1.3_O7.1.7/Evaluation_against_WP2.pdf},
	abstract = {This document contains the results of the evaluation benchmark  for means and tools.},
	number = {O7.1.3-O7.1.7},
	institution = {{OpenETCS}},
	author = {Petit-Doche, Marielle and WP7 partners},
	month = june,
	year = {2013},
	keywords = {{OpenETCS}, {WP7}}
},



@techreport{WP7_O719,
	type = {Results},
	title = {{E}valuation of tool platforms against the {WP2} requirements
},
	copyright = {{CC-by-SA}},
	url = {https://github.com/openETCS/toolchain/blob/master/T7.1/O7.1.3_O7.1.7/Evaluation_against_WP2.pdf},
	abstract = {This document contains the results of the evaluation benchmark  for means and tools.},
	number = {O7.1.9},
	institution = {{OpenETCS}},
	author = {Cécile Braunstein and WP7 partners},
	month = june,
	year = {2013},
	keywords = {{OpenETCS}, {WP7}}
},



@techreport{WP7_D01,
	type = {Defin},
	title = {{openETCS} Toolchain {WP7} Descritpiton of Work},
	copyright = {{CC-by-SA}},
	url = {https://github.com/openETCS/toolchain/blob/master/DescriptionOfWork/ToolchainDescriptionOfWork.pdf},
	abstract = {This document contains the description of work planned for {WP7.} This revision is
necessary, as the workpackage from original {ITEA} proposal was split. This document will be the
foundation for a revision of the {ITEA} proposal.},
	number = {D01},
	institution = {{OpenETCS}},
	author = {{Michael Jastram} and Petit-Doche, Marielle and Helming, Jonas and Peleska, Jan},
	month = feb,
	year = {2013},
	keywords = {{OpenETCS}, {WP7}},
	pages = {1--13}
},

@techreport{QP,
	title = {Project Quality Assurance Plan},
	copyright = {{CC-by-SA}},
	number = {D1.3.1},
	institution = {{OpenETCS}},
	author = {Kaseroni, Rico},
	month = june,
	year = {2013},
	keywords = {{OpenETCS}, {WP1}},
},

@techreport{D2_6,
	title = {Requirements for {openETCS}},
	copyright = {{CC-by-SA}},
	number = {D2.6},
	institution = {{OpenETCS}},
	author = {Baro, Sylvain and Welte, Jan},
	month = june,
	year = {2013},
	keywords = {{OpenETCS}, {WP2}},
},

@techreport{D2_5,
	title = {{M}ethods and tools benchmarking methodology},
	copyright = {{CC-by-SA}},
	number = {D2.5},
	institution = {{OpenETCS}},
	author = {David Mentre, Stanislas Pinte, Guillaume Pottier and WP2
participants},
	month = March,
	year = {2013},
	keywords = {{OpenETCS}, {WP2}},
},


@techreport{D2_3,
	title = {{openETCS} process},
	copyright = {{CC-by-SA}},
	number = {D2.3},
	institution = {{OpenETCS}},
	author = {Petit-Doche, Marielle and Güdemann, Matthias},
	month = june,
	year = {2013},
	keywords = {{OpenETCS}, {WP2}},
},

@techreport{D2_2,
	title = {Report on {CENELEC} standards},
	copyright = {{CC-by-SA}},
	number = {D2.2},
	institution = {{OpenETCS}},
	author = {Pokam, Merlin and Schäfer, Norbert},
	month = june,
	year = {2013},
	keywords = {{OpenETCS}, {WP2}},
},


@techreport{D2_1,
	title = {Report on existing methodologies},
	copyright = {{CC-by-SA}},
	number = {D2.1},
	institution = {{OpenETCS}},
	author = {Welte, Jan and Manz, Hansjörg },
	month = june,
	year = {2013},
	keywords = {{OpenETCS}, {WP2}},
},


@techreport{D4.1,
	title = {Report on V\&V Plan and Methodology },
	copyright = {{CC-by-SA}},
	number = {D4.1},
	institution = {{openETCS}},
	author = {Hungar, Hardi },
	month = july,
	year = {2013},
	keywords = {{OpenETCS}, {WP2}},
},


@techreport{D4.5.a,
	title = {Safety Plan },
	copyright = {{CC-by-SA}},
	number = {O 4.4.1},
	institution = {{openETCS}},
	author = {Welte, Jani },
	month = oct,
	year = {2013},
	keywords = {{OpenETCS}, {WP2}},
},

@techreport{hase_project_2011,
	title = {Project Outline Full Project Proposal Annex {openETCS}},
	number = {v2.2},
	institution = {{openETCS}},
	author = {Hase, Klaus-Rüdiger},
	year = {2011},
	keywords = {{OpenETCS}},
	pages = {1–98}
},

@techreport{unisig_subset-026_2012,
	title = {{SUBSET-026} – {S}ystem {R}equirements {S}pecification},
	number = {3.3.0},
	institution = {{ERA}},
	author = {{UNISIG}},
	month = mar,
	year = {2012},
	keywords = {Standard, {UNISIG}}
},


@techreport{unisig_subset-076_2.3,
	title = {{SUBSET-076} –  {Test related ERTMS documentation (this version is related to version
2.3.y of SUBSET-026)}},
	number = {2.3.y},
	institution = {{ERA}},
	author = {{UNISIG}},
	keywords = {Standard, {UNISIG}}
},

@techreport{unisig_subset-088,
	title = {{SUBSET-088 2.3.0} - {ETCS Application Levels 1 \& 2 - Safety Analysis}},
	number = {2.3.0},
	institution = {{ERA}},
	author = {{UNISIG}},
	keywords = {Standard, {UNISIG}}
},

@techreport{unisig_subset-091,
	title = {{SUBSET-091 3.2.0} — {Safety Requirements for the Technical Interoperability of ETCS in
Levels 1 \& 2}},
	number = {3.2.0},
	institution = {{ERA}},
	author = {{UNISIG}},
	keywords = {Standard, {UNISIG}}
},

@techreport{unisig_subset-034,
	title = {{SUBSET-034 3.0.0} — {Train interface FIS}},
	number = {3.0.0},
	institution = {{ERA}},
	author = {{UNISIG}},
	keywords = {Standard, {UNISIG}}
},


@techreport{unisig_CCS,
	title = { {CCS TSI for HS and CR transeuropean rail}},
	number = {2012/88/EU},
	institution = {{EU}},
	author = {{Comission Decision}},
	month = jan,
	year = {2012},
	keywords = {Standard, {UNISIG}}
},



@book{EN_50128,
	series = {{CENELEC} {EN} 50128},
	title = {Railway applications-Communication, signalling and processing system- Software for railway control and protecton system},
	publisher = {{DIN}},
	author = {Standard, European},
	month = oct,
	year = {2011},
	keywords = {{CENELEC}, Standard}
}

,

@book{EN_50126,
	series = {{CENELEC} {EN} 50126\_1},
	title = {Railways applications — The specification and
demonstration of Reliability, Availability, Maintainability and Safety (RAMS) — Part 1: Basic
requirements and generic process},
	publisher = {{DIN}},
	author = {Standard, European},
	month = jan,
	year = {2000},
	keywords = {{CENELEC}, Standard}
}

,

@book{EN_50129,
	series = {{CENELEC} {EN} 50129},
	title = {Railway applications — Communication, signalling
and processing systems — Safety related electronic systems for signalling},
	publisher = {{DIN}},
	author = {Standard, European},
	month = may,
	year = {2003},
	keywords = {{CENELEC}, Standard}
}
