


@misc{WP3_WP4_WP7_SafetyMeetingMinutes_April2013,
	type = {Results},
	title = {WP 2, 3, 4, 7 : Safety Workshop - Meeting Minutes},
	copyright = {{CC-by-SA}},
	url = {https://github.com/openETCS/SSRS/tree/master/Workshop%202013-03-28-Charleroi},
	abstract = {This document aims to minute the topics debated and decided during the OpenETCS safety workshop that was organized in Alstom Belgium sa (Charleroi) on March 28th and 29th 2013.},
	number = {TODO},
	institution = {{OpenETCS}},
	author = {Petit-Doche, Marielle and Pierre-François Jauquet and Stéphane Callet and Merlin Pokham and Stanislas Pinte},
	month = {April},
	year = {2013},
	keywords = {{OpenETCS}, {WP3}, {WP7}, {WP4}}
},

@techreport{WP7_O713_O717,
	type = {Results},
	title = {{E}valuation of the means and tools against the {WP2} requirements
},
	copyright = {{CC-by-SA}},
	url = {https://github.com/openETCS/toolchain/blob/master/T7.1/O7.1.3_O7.1.7/Evaluation_against_WP2.pdf},
	abstract = {This document contains the results of the evaluation benchmark  for means and tools.},
	number = {O7.1.3-O7.1.7},
	institution = {{OpenETCS}},
	author = {Petit-Doche, Marielle and WP7 partners},
	month = June,
	year = {2013},
	keywords = {{OpenETCS}, {WP7}}
},



@techreport{D7.1,
	type = {Primary Toolchain},
	title = {D7.1: Report on the Final Choice of the Primary Toolchain},
	url = {https://github.com/openETCS/toolchain/blob/master/T7.1/D7.1/D7.1.pdf},
	abstract = {This document gives a description and the results of the first task of {WP7.} The
objectives of the task are to analyze and recommend, means, tools and platform to develop the
primary toolchain of Open {ETCS.}},
	number = {{OETCS/WP7/D7.1}},
	institution = {{openETCS}},
	author = {Petit-Doche, Marielle and {WP7} Participants},
	month = jul,
	year = {2013}
}, 
@techreport{WP7_O719,
	type = {Results},
	title = {{E}valuation of tool platforms against the {WP2} requirements
},
	copyright = {{CC-by-SA}},
	url = {https://github.com/openETCS/toolchain/blob/master/T7.1/O7.1.3_O7.1.7/Evaluation_against_WP2.pdf},
	abstract = {This document contains the results of the evaluation benchmark  for means and tools.},
	number = {O7.1.9},
	institution = {{OpenETCS}},
	author = {Cécile Braunstein and WP7 partners},
	month = {June},
	year = {2013},
	keywords = {{OpenETCS}, {WP7}}
},



@techreport{WP7_D01,
	type = {Definition},
	title = {{OpenETCS} Toolchain {WP7} Descritption of Work},
	copyright = {{CC-by-SA}},
	url = {https://github.com/openETCS/toolchain/blob/master/DescriptionOfWork/ToolchainDescriptionOfWork.pdf},
	abstract = {This document contains the description of work planned for {WP7.} This revision is
necessary, as the workpackage from original {ITEA} proposal was split. This document will be the
foundation for a revision of the {ITEA} proposal.},
	number = {D0W},
	institution = {{OpenETCS}},
	author = {{Michael Jastram} and Petit-Doche, Marielle and Helming, Jonas and Peleska, Jan},
	month = Feb,
	year = {2013},
	keywords = {{OpenETCS}, {WP7}},
	pages = {1--13}
},

@techreport{QP,
	title = {Project Quality Assurance Plan},
	copyright = {{CC-by-SA}},
	number = {D1.3.1},
	institution = {{OpenETCS}},
	author = {Kaseroni, Rico},
	month = June,
	year = {2013},
	keywords = {{OpenETCS}, {WP1}}
},

@techreport{D2_6,
	title = {Requirements for {openETCS}},
	copyright = {{CC-by-SA}},
	number = {D2.6},
	institution = {{OpenETCS}},
	author = {Baro, Sylvain and Welte, Jan},
	month = June,
	year = {2013},
	keywords = {{OpenETCS}, {WP2}}
},

@techreport{D2_5,
	title = {{M}ethods and tools benchmarking methodology},
	copyright = {{CC-by-SA}},
	number = {D2.5},
	institution = {{OpenETCS}},
	author = {David Mentre, Stanislas Pinte, Guillaume Pottier and WP2
participants},
	month = March,
	year = {2013},
	keywords = {{OpenETCS}, {WP2}}
},


@techreport{D2_4,
	title = {{OpenETCS} methods},
	copyright = {{CC-by-SA}},
	number = {D2.4},
	institution = {{OpenETCS}},
	author = {Petit-Doche, Marielle and Mentré, David and Güdemann, Matthias},
	month = {June},
	year = {2013},
	keywords = {{OpenETCS}, {WP2}}
},

@techreport{D2_3,
	title = {{OpenETCS} process},
	copyright = {{CC-by-SA}},
	number = {D2.3},
	institution = {{OpenETCS}},
	author = {Petit-Doche, Marielle and Güdemann, Matthias},
	month = {June},
	year = {2013},
	keywords = {{OpenETCS}, {WP2}}
},

@techreport{D2_2,
	title = {Report on {CENELEC} standards},
	copyright = {{CC-by-SA}},
	number = {D2.2},
	institution = {{OpenETCS}},
	author = {Pokam, Merlin and Schäfer, Norbert},
	month = June,
	year = {2013},
	keywords = {{OpenETCS}, {WP2}}
},


@techreport{D2_1,
	title = {Report on existing methodologies},
	copyright = {{CC-by-SA}},
	number = {D2.1},
	institution = {{OpenETCS}},
	author = {Welte, Jan and Manz, Hansjörg },
	month = {June},
	year = {2013},
	keywords = {{OpenETCS}, {WP2}}
},


@techreport{D4.1,
	title = {Report on V\&V Plan and Methodology },
	copyright = {{CC-by-SA}},
	number = {D4.1},
	institution = {{openETCS}},
	author = {Hungar, Hardi },
	month = July,
	year = {2013},
	keywords = {{OpenETCS}, {WP2}}
},


@techreport{D4.5.a,
	title = {Safety Plan },
	copyright = {{CC-by-SA}},
	number = {O 4.4.1},
	institution = {{openETCS}},
	author = {Welte, Jan },
	month = oct,
	year = {2013},
	keywords = {{OpenETCS}, {WP2}}
},


@techreport{D4.2.a,
	title = {Preliminary Safety Evaluation Criteria},
	copyright = {{CC-by-SA}},
	number = {D4.2a},
	institution = {{openETCS}},
	author = {Welte, Jan },
	month = may,
	year = {2013},
	keywords = {{OpenETCS}, {WP2}}
},

@techreport{hase_project_2011,
	title = {Project Outline Full Project Proposal Annex {openETCS}},
	number = {v2.2},
	institution = {{openETCS}},
	author = {Hase, Klaus-Rüdiger},
	year = {2011},
	keywords = {{OpenETCS}},
	pages = {1–98}
},

@techreport{unisig_subset-026_2012,
	title = {{SUBSET-026} – {S}ystem {R}equirements {S}pecification},
	number = {3.3.0},
	institution = {{ERA}},
	author = {{UNISIG}},
	month = mar,
	year = {2012},
	keywords = {Standard, {UNISIG}}
},


@techreport{unisig_CCS,
	title = { {CCS TSI for HS and CR transeuropean rail}},
	number = {2012/88/EU},
	institution = {{EU}},
	author = {{Comission Decision}},
	month = jan,
	year = {2012},
	keywords = {Standard, {UNISIG}}
},



@book{EN_50128,
	series = {{CENELEC} {EN} 50128},
	title = {Railway applications-Communication, signalling and processing system- Software for railway control and protecton system},
	publisher = {{DIN}},
	author = {Standard, European},
	month = oct,
	year = {2011},
	keywords = {{CENELEC}, Standard}
}

,

@book{EN_50126,
	series = {{CENELEC} {EN} 50126\_1},
	title = {Railways applications — The specification and
demonstration of Reliability, Availability, Maintainability and Safety (RAMS) — Part 1: Basic
requirements and generic process},
	publisher = {{DIN}},
	author = {Standard, European},
	month = jan,
	year = {2000},
	keywords = {{CENELEC}, Standard}
}

,

@book{EN_50129,
	series = {{CENELEC} {EN} 50129},
	title = {Railway applications — Communication, signalling
and processing systems — Safety related electronic systems for signalling},
	publisher = {{DIN}},
	author = {Standard, European},
	month = may,
	year = {2003},
	keywords = {{CENELEC}, Standard}
}

@inproceedings{bousse,
    hal_id = {hal-00741134},
    url = {http://hal.inria.fr/hal-00741134},
    title = {{Aligning SysML with the B Method to Provide V\&V for Systems Engineering}},
    author = {Bousse, Erwan and Mentr{\'e}, David and Combemale, Benoit and Baudry, Benoit and Takaya, Katsuragi},
    affiliation = {TRISKELL - INRIA - IRISA , Mitsubishi Electric R\&D Centre Europe [France] - MERCE-France , Advanced Technology R\&D Center - Mitsubishi Electric [Japan]},
    booktitle = {{Model-Driven Engineering, Verification, and Validation 2012 (MoDeVVa 2012)}},
    address = {Innsbruck, Autriche},
    audience = {internationale },
    year = {2012},
    month = Sep,
    pdf = {http://hal.inria.fr/hal-00741134/PDF/paper.pdf},
}

@misc{clearsy,
  author = {ClearSy System Engineering},
  title = {The {B Formal Method}: from Research to Teaching},
  howpublished = {Presentation held 16. June in Nantes},
  month = {June},
  year = {2008}
}

@inbook{RMF_Mark_Book_Jastram_2013,
  title      = {{Managing Requirements Knowledge}},
  chapter    = {{16: The Eclipse Requirements Modeling Framework}},
  author     = {Michael Jastram},
  editor     = {Maalej, Walid and Thurimella, Anil},
  publisher  = {Springer},
  year       = {2013},
  month      = {March},
  pages      = { 353-372},
  note       = {\url{http://www.stups.uni-duesseldorf.de/w/Special:Publication/RMF_Mark_Book_Jastram_2013}}
}

@inproceedings{jastram_forms_2012,
  title      = {{A Systems Engineering Tool Chain Based on Eclipse and Rodin}},
  booktitle  = {{Forms/Format}},
  author     = {Michael Jastram},
  month      = {},
  year       = {2012},
  note       = {\url{http://www.stups.uni-duesseldorf.de/w/Special:Publication/jastram_forms_2012}}
}

@article{reqif_ObjektSpektrum_2013,
  title      = {{ReqIF-OLUTION: Mit Eclipse und ReqIF zur Open-Source ALM-Werkzeugkette}},
  journal    = {ObjektSpektrum},
  volume     = {3},
  year       = {2013},
  author     = {Michael Jastram},
  note       = {Please contact author for a PDF copy}
}

@misc{RMF,
  title      = {{Eclipse Requirements Modeling Framework}},
  howpublished = {\url{http://eclipse.org/rmf}}
}

@misc{omg_requirements_2011,
	title = {{Requirements Interchange Format {(ReqIF)} 1.0.1}},
	howpublished = {\url{http://www.omg.org/spec/ReqIF/}},
	author = {{OMG}},
	year = {2011}
}

@book{emf,
	edition = {second},
	title = {{EMF Eclipse Modeling Framework}},
	isbn = {9780321331885},
	publisher = {{Addison-Wesley} },
	author = {D. Steinberg and F. Budinsky and M. Peternostro and E. Merks},
	year = {2009}
}

@misc{prostep_if,
	title = {{ProSTEP ReqIF Implementor Forum}},
	howpublished = {\url{http://www.prostep.org/en/projects/internationalization-of-the-requirements-interchange-format-intrif.html}},
	year = {2013}
}

@misc{event_b_benchmark,
	title = {{openETCS Event-B Benchmark}},
	howpublished = {\url{https://github.com/openETCS/model-evaluation/blob/master/model/Event_B_Systerel/rodin-projects-github.pdf?raw=true}},
	author = {{Matthias Güdemann}},
	year = {2013}
}

@article{topcase-JaGr2011,
  author     = {Michael Jastram and Andreas Graf},
  title      = {Requirement Traceability in {Topcased} with the Requirements
    Interchange Format ({RIF}/{ReqIF})},
  journal    = {First Topcased Days Toulouse},
  year       = {2011},
  note       = {\url{http://www.stups.uni-duesseldorf.de/w/Special:Publication/topcase-JaGr2011}}
}

@Misc{essentials_diff,
  title={{Comparing ReqIF Files with ProR Essentials Diff}},
  howpublished={\url{http://www.formalmind.com/de/blog/comparing-reqif-files-pror-essentials-diff}},
  author = {{Michael Jastram}},
  year = {{2013}}
}

@TechReport{D2.6-9,
	title = {{D2.6-9: Requirements for openETCS}},
	author = {Sylvain Baro and Jan Welte},
	institution = {openETCS},
	note = {{\url{https://github.com/openETCS/requirements/blob/master/D2.6-9/D2_6-9.pdf?raw=true}}}
}
@Misc{subset026-6,
  title={{Model Evalution Wiki: Secondary Tools for Data, Function and Requirements Management}},
  howpublished={\url{https://github.com/openETCS/model-evaluation/wiki/Secondary-tools-for-data,-function-and-requirement-management}}
}
@Misc{integrate-models,
  title={{Using RMF to integrate your models}},
  author={Michael Jastram},
  howpublished={\url{http://www.formalmind.com/en/blog/using-rmf-integrate-your-models}}
}

@Misc{pror-benchmark,
  title={{openETCS Benchmark: Using Eclipse ProR for openETCS}},
  howpublished={\url{https://github.com/openETCS/model-evaluation/blob/master/management/ProR_FormalMind/pror_evaluation.pdf}},
  author = {{Michael Jastram}},
  year = {{2013}}
}

@article{HalJasLad2013,
  author     = {Stefan Hallerstede and Michael Jastram and Lukas Ladenberger},
  title      = {A Method and Tool for Tracing Requirements into Specifications},
  note       = {Science of Computer Programming},
  year       = {2013},
  pages      = {36 p},
  note{\url{http://www.stups.uni-duesseldorf.de/w/Special:Publication/HalJasLad2013}}
}

